%@book{womak:lean-thinking,
%    author  = {James P. Womack, Daniel T. Jones},
%    title   = {Lean Thinking, Second Editon},
%    publisher = {Simon \& Schuster, Inc.},
%    year    = {2010}
%}

@online{site:agile-manifesto,
    title   = {Manifesto Agile},
    url     = {http://agilemanifesto.org/iso/it/}
}

@online{site:dapp-architecture,
    title   = {Architettura Decentralized Application},
    url     = {https://medium.com/hexmount/architecting-modern-decentralized-applications-52b3ac3baa5a}
}

@online{site:ipfs,
    title   = {IPFS},
    url     = {https://ipfs.io/}
}

@online{site:paper-architectures-blockchain-oriented-applications,
    title   = {Engineering Software Architectures of Blockchain-Oriented Applications},
    url     = {https://ieeexplore.ieee.org/abstract/document/8432174}
}

@online{site:typescript,
    title   = {TypeScript},
    url     = {https://www.typescriptlang.org/}
}

@online{site:angular,
    title   = {Angular},
    url     = {https://angular.io/}
}

@online{site:angular-architecture ,
    title   = {Angular Architecture },
    url     = {https://www.c-sharpcorner.com/article/basic-architecture-of-angular-2-applications/}
}

@online{site:angular-material,
    title   = {Angular Material},
    url     = {https://material.angular.io/}
}

@online{site:node,
    title   = {Node.js},
    url     = {https://nodejs.org/it/}
}